@Book{keyes2020,
  title = {How I Use R},
  author = {David Keyes},
  url = {https://HowIUseR.com},
}
